<?xml version="1.0" encoding="UTF-8"?><collection xmlns="http://www.loc.gov/MARC21/slim"><record><leader>00456nam--2200145-i-4500</leader><controlfield tag="001">000021321</controlfield><controlfield tag="002">20161230</controlfield><controlfield tag="005">20161230201034</controlfield><controlfield tag="008">060222s1000------------r-----000-0-eng-d</controlfield><datafield ind1=" " ind2=" " tag="080"><subfield code="a">541.8:541.135:541.135:541.8</subfield></datafield><datafield ind1=" " ind2=" " tag="100"><subfield code="a">Hildebrand, Joel H., Scott, Robert L</subfield></datafield><datafield ind1=" " ind2=" " tag="245"><subfield code="a">The solubility of nonelectrolytes. third edition</subfield></datafield><datafield ind1=" " ind2=" " tag="260"><subfield code="a">New York, Reinhold Publ.Corp., /1950/, X + 488 P</subfield></datafield><datafield ind1=" " ind2=" " tag="490"><subfield code="a">American Chemical Society Monographs Series</subfield></datafield><datafield ind1=" " ind2=" " tag="852"><subfield code="a">961</subfield></datafield></record></collection>